<record><leader>00000cas a22000007a 4500</leader><controlfield tag="001">9837809</controlfield><controlfield tag="008">830823d18851917nyudn ne      0    0eng d</controlfield><controlfield tag="009">3781</controlfield><datafield ind1=" " ind2=" " tag="010"><subfield code="a">sn 83031341 </subfield></datafield><datafield ind1=" " ind2=" " tag="040"><subfield code="a">NPU</subfield><subfield code="b">eng</subfield><subfield code="c">NPU</subfield><subfield code="d">NYG</subfield><subfield code="d">DLC</subfield><subfield code="d">NYG</subfield><subfield code="d">NYS</subfield><subfield code="d">OCLCQ</subfield></datafield><datafield ind1="1" ind2=" " tag="029"><subfield code="a">AU@</subfield><subfield code="b">000020408167</subfield></datafield><datafield ind1=" " ind2=" " tag="042"><subfield code="a">msc</subfield></datafield><datafield ind1="0" ind2="0" tag="050"><subfield code="a">Newspaper 8829-X</subfield></datafield><datafield ind1="0" ind2=" " tag="130"><subfield code="a">Newburgh daily news (Newburgh, N.Y. : 1885)</subfield></datafield><datafield ind1="0" ind2="0" tag="245"><subfield code="a">Newburgh daily news.</subfield></datafield><datafield ind1=" " ind2=" " tag="260"><subfield code="a">Newburgh, N.Y. :</subfield><subfield code="b">William H. Keefe,</subfield><subfield code="c">1885-1917.</subfield></datafield><datafield ind1=" " ind2=" " tag="300"><subfield code="a">32 v. :</subfield><subfield code="b">ill. ;</subfield><subfield code="c">48-71 cm.</subfield></datafield><datafield ind1=" " ind2=" " tag="310"><subfield code="a">Daily (except Sunday)</subfield></datafield><datafield ind1="0" ind2=" " tag="362"><subfield code="a">Vol. 1, no. 1 (Sept. 5, 1885)- ; -32nd year, no. 9808 (July 1, 1917).</subfield></datafield><datafield ind1=" " ind2=" " tag="500"><subfield code="a">"Pioneer penny paper of the Hudson Valley."</subfield></datafield><datafield ind1=" " ind2=" " tag="500"><subfield code="a">Publisher: Newburgh News Print. and Pub. Co., 19&lt;07&gt;-1917.</subfield></datafield><datafield ind1=" " ind2="4" tag="651"><subfield code="a">Newburgh (N.Y.)</subfield><subfield code="v">Newspapers.</subfield></datafield><datafield ind1=" " ind2=" " tag="752"><subfield code="a">United States</subfield><subfield code="b">New York</subfield><subfield code="c">Orange</subfield><subfield code="d">Newburgh.</subfield></datafield><datafield ind1="0" ind2="7" tag="785"><subfield code="t">Newburgh daily journal</subfield><subfield code="w">(DLC)sn 83031387</subfield><subfield code="w">(OCoLC)9870192</subfield></datafield><datafield ind1="0" ind2="7" tag="785"><subfield code="t">Newburgh daily news and Newburgh daily journal</subfield><subfield code="w">(DLC)sn 91066934</subfield><subfield code="w">(OCoLC)24367641</subfield></datafield></record>